<?xml version="1.0" encoding="UTF-8"?><collection xmlns="http://www.loc.gov/MARC21/slim"><record><leader>00397nam--2200133-i-4500</leader><controlfield tag="001">000025280</controlfield><controlfield tag="002">20161230</controlfield><controlfield tag="005">20161230201035</controlfield><controlfield tag="008">060222s1000------------r-----000-0-eng-d</controlfield><datafield ind1=" " ind2=" " tag="100"><subfield code="a">Iliescu, T</subfield></datafield><datafield ind1=" " ind2=" " tag="245"><subfield code="a">Iliescu, v</subfield></datafield><datafield ind1=" " ind2=" " tag="260"><subfield code="a">Montarea, Exploatarea Si Intretinerea Cazanelor De Abur. Manual Pentru Scolile Profesionale</subfield></datafield><datafield ind1=" " ind2=" " tag="490"><subfield code="a">Bucuresti, Ed. Energetica De Stat, 1954. 305p</subfield></datafield><datafield ind1=" " ind2=" " tag="852"><subfield code="a">621.181</subfield></datafield></record></collection>